<collection>
<record>
<leader>04169cpcaa22005777i 4500</leader>
<controlfield tag="001">20229607</controlfield>
<controlfield tag="005">20240830135719.0</controlfield>
<controlfield tag="007">kv c||</controlfield>
<controlfield tag="008">171222i19851986xx eng </controlfield>
<datafield ind1=" " ind2=" " tag="906">
<subfield code="a">7</subfield>
<subfield code="b">cbc</subfield>
<subfield code="c">orignew</subfield>
<subfield code="d">u</subfield>
<subfield code="e">ncip</subfield>
<subfield code="f">20</subfield>
<subfield code="g">y-folklife</subfield>
</datafield>
<datafield ind1=" " ind2=" " tag="955">
<subfield code="b">
hh08 2017-12-22 prepare gift agreement per MoR from Todd Harvey LS/AFC
</subfield>
<subfield code="b">
hh08 2018-01-11 material picked up by Todd Harvey LS/AFC
</subfield>
<subfield code="a">mkru 2018-01-11</subfield>
<subfield code="a">jhock 2019-07-03</subfield>
<subfield code="a">ahoo 2019-07-08</subfield>
<subfield code="a">ahoo 2019-07-26</subfield>
<subfield code="a">masmit 2024-08-30</subfield>
</datafield>
<datafield ind1=" " ind2=" " tag="010">
<subfield code="a"> 2018655200</subfield>
</datafield>
<datafield ind1=" " ind2=" " tag="040">
<subfield code="a">DLC</subfield>
<subfield code="b">eng</subfield>
<subfield code="e">dacs</subfield>
<subfield code="c">DLC</subfield>
</datafield>
<datafield ind1=" " ind2=" " tag="043">
<subfield code="a">s-uy---</subfield>
<subfield code="a">s-py---</subfield>
<subfield code="a">s-bl---</subfield>
</datafield>
<datafield ind1=" " ind2=" " tag="090">
<subfield code="a">AFC 2018/001</subfield>
</datafield>
<datafield ind1="1" ind2=" " tag="100">
<subfield code="a">Seemann, Charlie,</subfield>
<subfield code="e">photographer.</subfield>
</datafield>
<datafield ind1="1" ind2="0" tag="245">
<subfield code="a">
Charlie Seemann collection of photographs of vaqueros and gauchos,
</subfield>
<subfield code="f">1985-1986.</subfield>
</datafield>
<datafield ind1=" " ind2="0" tag="264">
<subfield code="c">1985-1986.</subfield>
</datafield>
<datafield ind1=" " ind2=" " tag="300">
<subfield code="a">399</subfield>
<subfield code="f">items.</subfield>
</datafield>
<datafield ind1=" " ind2=" " tag="300">
<subfield code="a">374 photographs :</subfield>
<subfield code="b">color slides ;</subfield>
<subfield code="c">35mm</subfield>
</datafield>
<datafield ind1=" " ind2=" " tag="300">
<subfield code="3">manuscripts</subfield>
<subfield code="a">1</subfield>
<subfield code="f">folder.</subfield>
</datafield>
<datafield ind1=" " ind2=" " tag="351">
<subfield code="a">
The collection is arranged in the following series: 1. Field notes; 2. Paraguay photographs; 3. Uruguay photographs; 4. Brazil photographs.
</subfield>
</datafield>
<datafield ind1=" " ind2=" " tag="520">
<subfield code="a">
From November 2-13, 1985, folklorist Charlie Seemann led a group of six volunteers for the California-based Center for Field Research to document vaqueros in the Concepción area of Paraguay and a horse trading operation near Asunción. Photographs documented vaqueros at work, their dress, horses, cattle, gear, and saddles. Additionally, Seemann documented the estancia haciendas, ranch buildings, corrals and fencing, landscapes, and ranch life (175 color slides from Paraguay). From September 12-25, 1986, Charlie Seemann led a similar trip to document guachos in Uruguay at the Estancia San Pedro de Timote, and near Melo, Uruguay. This group traveled to Bagé, in southern Brazil, to observe and document the Dia Do Gaúcho festival, started in 1848 to commemorate the gaúchos who fought in Guerra Dos Farrapos, or War of the Rags. The festival included a parade of some 3,000 mounted gaúchos, music, food, dance, and an outdoor Catholic mass for mounted gaúchos (60 color slides from Brazil). The group returned to Paysandú, Uruguay, and documented the estancia of Hubert Maness, Los Mortreros, near Mercedes on the Rio Negro (138 total color slides from Uruguay). The collection includes Charlie Seemann's original field notes (25 pages).
</subfield>
</datafield>
<datafield ind1="8" ind2=" " tag="524">
<subfield code="a">
Charlie Seemann collection of photographs of vaqueros and gauchos (AFC 2018/001), American Folklife Center, Library of Congress, Washington, D.C.
</subfield>
</datafield>
<datafield ind1="0" ind2=" " tag="506">
<subfield code="a">
Collection is open for research. To request materials, please contact the Folklife Reading Room at
</subfield>
<subfield code="u">https://hdl.loc.gov/loc.afc/folklife.contact</subfield>
</datafield>
<datafield ind1=" " ind2=" " tag="540">
<subfield code="a">
Intellectual property rights dedicated to the public domain.
</subfield>
</datafield>
<datafield ind1=" " ind2=" " tag="541">
<subfield code="a">Charlie Seemann;</subfield>
<subfield code="c">Donation;</subfield>
<subfield code="d">2018.</subfield>
</datafield>
<datafield ind1=" " ind2=" " tag="546">
<subfield code="a">Field notes in English.</subfield>
</datafield>
<datafield ind1="0" ind2=" " tag="555">
<subfield code="a">Finding aid is available online</subfield>
<subfield code="u">https://hdl.loc.gov/loc.afc/eadafc.af019005</subfield>
</datafield>
<datafield ind1=" " ind2="0" tag="650">
<subfield code="a">Ranches</subfield>
<subfield code="z">Paraguay</subfield>
<subfield code="v">Photographs.</subfield>
</datafield>
<datafield ind1=" " ind2="0" tag="650">
<subfield code="a">Ranching</subfield>
<subfield code="z">Paraguay</subfield>
<subfield code="v">Photographs.</subfield>
</datafield>
<datafield ind1=" " ind2="0" tag="650">
<subfield code="a">Cowboys</subfield>
<subfield code="z">Paraguay</subfield>
<subfield code="x">Social life and customs.</subfield>
</datafield>
<datafield ind1=" " ind2="0" tag="650">
<subfield code="a">Ranching</subfield>
<subfield code="z">Uruguay</subfield>
<subfield code="v">Photographs.</subfield>
</datafield>
<datafield ind1=" " ind2="0" tag="650">
<subfield code="a">Ranches</subfield>
<subfield code="z">Uruguay</subfield>
<subfield code="v">Photographs.</subfield>
</datafield>
<datafield ind1=" " ind2="0" tag="650">
<subfield code="a">Cowboys</subfield>
<subfield code="z">Uruguay</subfield>
<subfield code="v">Photographs.</subfield>
</datafield>
<datafield ind1=" " ind2="0" tag="650">
<subfield code="a">Cowboys</subfield>
<subfield code="z">Brazil</subfield>
<subfield code="z">Bagé</subfield>
<subfield code="v">Photographs.</subfield>
</datafield>
<datafield ind1=" " ind2="0" tag="650">
<subfield code="a">Festivals</subfield>
<subfield code="z">Brazil</subfield>
<subfield code="z">Bagé</subfield>
<subfield code="v">Photographs.</subfield>
</datafield>
<datafield ind1=" " ind2="0" tag="650">
<subfield code="a">Parades</subfield>
<subfield code="z">Brazil</subfield>
<subfield code="z">Bagé</subfield>
<subfield code="v">Photographs.</subfield>
</datafield>
<datafield ind1=" " ind2="0" tag="651">
<subfield code="a">Asunción (Paraguay)</subfield>
<subfield code="x">Social life and customs.</subfield>
</datafield>
<datafield ind1=" " ind2="0" tag="651">
<subfield code="a">Concepción (Paraguay)</subfield>
<subfield code="x">Social life and customs.</subfield>
</datafield>
<datafield ind1=" " ind2="0" tag="651">
<subfield code="a">Paysandú (Uruguay)</subfield>
<subfield code="x">Social life and customs.</subfield>
</datafield>
<datafield ind1=" " ind2="0" tag="651">
<subfield code="a">Cerro Largo (Uruguay)</subfield>
<subfield code="x">Social life and customs.</subfield>
</datafield>
<datafield ind1=" " ind2="0" tag="651">
<subfield code="a">Bagé (Brazil)</subfield>
<subfield code="x">Social life and customs.</subfield>
</datafield>
<datafield ind1=" " ind2="7" tag="655">
<subfield code="a">Field notes.</subfield>
<subfield code="2">afset</subfield>
</datafield>
<datafield ind1=" " ind2="7" tag="655">
<subfield code="a">Documentary photography.</subfield>
<subfield code="2">aat</subfield>
</datafield>
<datafield ind1=" " ind2="7" tag="655">
<subfield code="a">Ethnography.</subfield>
<subfield code="2">aat</subfield>
</datafield>
<datafield ind1=" " ind2=" " tag="852">
<subfield code="a">Library of Congress</subfield>
<subfield code="b">American Folklife Center,</subfield>
<subfield code="e">
101 Independence Ave. S.E., Washington, DC USA 20540-4610
</subfield>
<subfield code="u">https://hdl.loc.gov/loc.afc/folklife.home</subfield>
</datafield>
<datafield ind1="4" ind2="2" tag="856">
<subfield code="3">Finding aid</subfield>
<subfield code="u">https://hdl.loc.gov/loc.afc/eadafc.af019005</subfield>
</datafield>
<datafield ind1=" " ind2=" " tag="923">
<subfield code="a">Gift</subfield>
<subfield code="d">20171222</subfield>
<subfield code="n">338245</subfield>
<subfield code="s">Charles (Charlie) Seemann (gift donor)</subfield>
<subfield code="x">Filed: Seemann, Charles</subfield>
</datafield>
<datafield ind1=" " ind2=" " tag="985">
<subfield code="a">afc/coll</subfield>
</datafield>
<datafield ind1=" " ind2=" " tag="985">
<subfield code="a">afc/ead</subfield>
</datafield>
</record>
</collection>